<?xml version="1.0" encoding="UTF-8"?><collection xmlns="http://www.loc.gov/MARC21/slim"><record><leader>00486nam--2200181-u-4500</leader><controlfield tag="001">000056921</controlfield><controlfield tag="002">20200917</controlfield><controlfield tag="005">20200917021146</controlfield><controlfield tag="008">200917s1000------------r-----000-0-rum-d</controlfield><datafield ind1=" " ind2=" " tag="040"><subfield code="a">IFIN-HH</subfield></datafield><datafield ind1=" " ind2=" " tag="041"><subfield code="a">rum</subfield></datafield><datafield ind1="1" ind2=" " tag="100"><subfield code="a">Serba, Radu</subfield></datafield><datafield ind1="1" ind2="0" tag="245"><subfield code="a">Japonia dupa Fukushima. O economie in revenire</subfield><subfield code="c">Radu Serban</subfield></datafield><datafield ind1=" " ind2=" " tag="260"><subfield code="a">Bucuresti</subfield><subfield code="b">Tribuna Economica</subfield><subfield code="c">206</subfield></datafield><datafield ind1=" " ind2=" " tag="300"><subfield code="a">269 p</subfield></datafield><datafield ind1=" " ind2=" " tag="500"><subfield code="a">Donatie Acad. Nicolae Victor Zamfir</subfield></datafield><datafield ind1=" " ind2=" " tag="852"><subfield code="a">82856</subfield><subfield code="c">NVZ</subfield></datafield><datafield ind1=" " ind2=" " tag="CAT"><subfield code="a">SYS</subfield><subfield code="c">20200917</subfield><subfield code="h">021146</subfield></datafield></record></collection>